<?xml version="1.0" encoding="UTF-8"?><record xmlns="http://www.loc.gov/MARC21/slim" xmlns:cinclude="http://apache.org/cocoon/include/1.0" xmlns:zs="http://www.loc.gov/zing/srw/">
  <leader>00367cz  a2200121n  4500</leader>
  <controlfield tag="001">n  86144958 </controlfield>
  <controlfield tag="003">DLC</controlfield>
  <controlfield tag="005">20141209092505.0</controlfield>
  <controlfield tag="008">860919n| azannaab           |n aaa     c</controlfield>
  <datafield tag="010" ind1=" " ind2=" ">
    <subfield code="a">n  86144958 </subfield>
  </datafield>
  <datafield tag="040" ind1=" " ind2=" ">
    <subfield code="a">MiU</subfield>
    <subfield code="b">eng</subfield>
    <subfield code="e">rda</subfield>
    <subfield code="c">DLC</subfield>
    <subfield code="d">DLC</subfield>
  </datafield>
  <datafield tag="100" ind1="1" ind2=" ">
    <subfield code="a">Bobylev, S. M.</subfield>
  </datafield>
  <datafield tag="670" ind1=" " ind2=" ">
    <subfield code="a">Proektirovanie predprii︠a︡tiĭ mi︠a︡snoĭ promyshlennosti, 1978:</subfield>
    <subfield code="b">verso t.p. (S.M. Bobylev)</subfield>
  </datafield>
</record>